@article{yeatman2018browser,
  title={A browser-based tool for visualization and analysis of diffusion MRI data},
  author={Yeatman, Jason D and Richie-Halford, Adam and Smith, Josh K and Keshavan, Anisha and Rokem, Ariel},
  journal={Nature communications},
  volume={9},
  number={1},
  pages={940},
  year={2018},
  publisher={Nature Publishing Group}
}

@article{yeatman2012tract,
  title={Tract profiles of white matter properties: automating fiber-tract quantification},
  author={Yeatman, Jason D and Dougherty, Robert F and Myall, Nathaniel J and Wandell, Brian A and Feldman, Heidi M},
  journal={PloS one},
  volume={7},
  number={11},
  pages={e49790},
  year={2012},
  publisher={Public Library of Science}
}

@article{sarica2017corticospinal,
  title={The corticospinal tract profile in amyotrophic lateral sclerosis},
  author={Sarica, Alessia and Cerasa, Antonio and Valentino, Paola and Yeatman, Jason and Trotta, Maria and Barone, Stefania and Granata, Alfredo and Nistic{\`o}, Rita and Perrotta, Paolo and Pucci, Franco and others},
  journal={Human brain mapping},
  volume={38},
  number={2},
  pages={727--739},
  year={2017}
}

@article{yeatman2014lifespan,
  title={Lifespan maturation and degeneration of human brain white matter},
  author={Yeatman, Jason D and Wandell, Brian A and Mezer, Aviv A},
  journal={Nature communications},
  volume={5},
  pages={4932},
  year={2014},
  publisher={Nature Publishing Group}
}

@article{colby2012along,
  title={Along-tract statistics allow for enhanced tractography analysis},
  author={Colby, John B and Soderberg, Lindsay and Lebel, Catherine and Dinov, Ivo D and Thompson, Paul M and Sowell, Elizabeth R},
  journal={Neuroimage},
  volume={59},
  number={4},
  pages={3227--3242},
  year={2012},
  publisher={Elsevier}
}

@article{simon2013sparse,
  title={A sparse-group lasso},
  author={Simon, Noah and Friedman, Jerome and Hastie, Trevor and Tibshirani, Robert},
  journal={Journal of Computational and Graphical Statistics},
  volume={22},
  number={2},
  pages={231--245},
  year={2013},
  publisher={Taylor \& Francis Group}
}

@article{rokem2017visual,
  title={The visual white matter: The application of diffusion MRI and fiber tractography to vision science},
  author={Rokem, Ariel and Takemura, Hiromasa and Bock, Andrew S and Scherf, K Suzanne and Behrmann, Marlene and Wandell, Brian A and Fine, Ione and Bridge, Holly and Pestilli, Franco},
  journal={Journal of vision},
  volume={17},
  number={2},
  pages={4--4},
  year={2017},
  publisher={The Association for Research in Vision and Ophthalmology}
}
